@inproceedings{dynnode2vec,
  title={dynnode2vec: Scalable dynamic network embedding},
  author={Mahdavi, Sedigheh and Khoshraftar, Shima and An, Aijun},
  booktitle={2018 IEEE international conference on big data (Big Data)},
  pages={3762--3765},
  year={2018},
  organization={IEEE}
}


@inproceedings{deepwalk,
  title={Deepwalk: Online learning of social representations},
  author={Perozzi, Bryan and Al-Rfou, Rami and Skiena, Steven},
  booktitle={Proceedings of the 20th ACM SIGKDD international conference on Knowledge discovery and data mining},
  pages={701--710},
  year={2014}
}

@article{alex_multipartite,
  title={Spectral embedding and the latent geometry of multipartite networks},
  author={Modell, Alexander and Gallagher, Ian and Cape, Joshua and Rubin-Delanchy, Patrick},
  journal={arXiv preprint arXiv:2202.03945},
  year={2022}
}

@article{glodyne,
  title={GloDyNE: Global topology preserving dynamic network embedding},
  author={Hou, Chengbin and Zhang, Han and He, Shan and Tang, Ke},
  journal={IEEE Transactions on Knowledge and Data Engineering},
  year={2020},
  publisher={IEEE}
}

@inproceedings{dyntriad,
  title={Dynamic network embedding by modeling triadic closure process},
  author={Zhou, Lekui and Yang, Yang and Ren, Xiang and Wu, Fei and Zhuang, Yueting},
  booktitle={Proceedings of the AAAI conference on artificial intelligence},
  volume={32},
  year={2018}
}

@article{for_sbm_with_regularisation_test,
  title={Generating large scale-free networks with the Chung--Lu random graph model},
  author={Fasino, Dario and Tonetto, Arianna and Tudisco, Francesco},
  journal={Networks},
  volume={78},
  number={2},
  pages={174--187},
  year={2021},
  publisher={Wiley Online Library}
}

@article{peng2020dynamicskipgram,
  title={Dynamic network embedding via incremental skip-gram with negative sampling},
  author={Peng, Hao and Li, Jianxin and Yan, Hao and Gong, Qiran and Wang, Senzhang and Liu, Lin and Wang, Lihong and Ren, Xiang},
  journal={Science China Information Sciences},
  volume={63},
  number={10},
  pages={1--19},
  year={2020},
  publisher={Springer}
}

@inproceedings{du2018dynamic,
  title={Dynamic Network Embedding: An Extended Approach for Skip-gram based Network Embedding.},
  author={Du, Lun and Wang, Yun and Song, Guojie and Lu, Zhicong and Wang, Junshan},
  booktitle={IJCAI},
  volume={2018},
  pages={2086--2092},
  year={2018}
}
@article{goyal2018dyngem,
  title={Dyngem: Deep embedding method for dynamic graphs},
  author={Goyal, Palash and Kamra, Nitin and He, Xinran and Liu, Yan},
  journal={arXiv preprint arXiv:1805.11273},
  year={2018}
}

@article{yu_brain_changepoint,
  title={Estimating whole-brain dynamics by using spectral clustering},
  author={Cribben, Ivor and Yu, Yi},
  journal={Journal of the Royal Statistical Society: Series C (Applied Statistics)},
  volume={66},
  number={3},
  pages={607--627},
  year={2017},
  publisher={Wiley Online Library}
}
@article{power_dist_ref,
  title={Community structure in large networks: Natural cluster sizes and the absence of large well-defined clusters},
  author={Leskovec, Jure and Lang, Kevin J and Dasgupta, Anirban and Mahoney, Michael W},
  journal={Internet Mathematics},
  section={6.2},
  volume={6},
  number={1},
  pages={29--123},
  year={2009},
  publisher={Taylor \& Francis}
}

@misc{olive2022crowdsourced,
  author       = {Xavier Olive and
                  Martin Strohmeier and
                  Jannis Lübbe},
  title        = {Crowdsourced air traffic data from The OpenSky 
                   Network 2020 [CC-BY]},
  month        = {Jan},
  year         = {2022},
  publisher    = {Zenodo},
  version      = {v21.12},
  doi          = {10.5281/zenodo.5815448},
  url          = {https://doi.org/10.5281/zenodo.5815448},
  note         = {Dataset}
}



@article{covid_policy_tracker,
  title={A global panel database of pandemic policies (Oxford COVID-19 Government Response Tracker)},
  author={Hale, Thomas and Angrist, Noam and Goldszmidt, Rafael and Kira, Beatriz and Petherick, Anna and Phillips, Toby and Webster, Samuel and Cameron-Blake, Emily and Hallas, Laura and Majumdar, Saptarshi and others},
  journal={Nature human behaviour},
  volume={5},
  number={4},
  pages={529--538},
  year={2021},
  publisher={Nature Publishing Group UK London}
}

@article{manifold,
  title={Manifold structure in graph embeddings},
  author={Rubin-Delanchy, Patrick},
  journal={Advances in Neural Information Processing Systems},
  volume={33},
  pages={11687--11699},
  year={2020}
}

@article{ase_fails_sparse,
  title={Pseudo-likelihood methods for community detection in large sparse networks},
  author={Amini, Arash A and Chen, Aiyou and Bickel, Peter J and Levina, Elizaveta},
  journal={Annals of Statistics},
  year={2013},
  volume={41},
  number={4},
  pages={2097-2122},
}


@article{brain_embedding_node2vec,
  title={Mapping higher-order relations between brain structure and function with embedded vector representations of connectomes},
  author={Rosenthal, Gideon and V{\'a}{\v{s}}a, Franti{\v{s}}ek and Griffa, Alessandra and Hagmann, Patric and Amico, Enrico and Go{\~n}i, Joaqu{\'\i}n and Avidan, Galia and Sporns, Olaf},
  journal={Nature communications},
  volume={9},
  number={1},
  pages={2178},
  year={2018},
  publisher={Nature Publishing Group UK London}
}

@article{word2vec,
  title={Efficient estimation of word representations in vector space},
  author={Mikolov, Tomas and Chen, Kai and Corrado, Greg and Dean, Jeffrey},
  journal={arXiv preprint arXiv:1301.3781},
  year={2013}
}

@inbook{horn_johnson_2012, 
place={Cambridge}, 
edition={2}, 
title={Positive Definite and Semidefinite Matrices}, 
DOI={10.1017/CBO9781139020411.010}, 
booktitle={Matrix Analysis}, 
publisher={Cambridge University Press}, 
author={Horn, Roger A. and Johnson, Charles R.}, 
year={2012}, 
pages={425–516}
}

% From valid conformal paper


@inproceedings{zargarbashi2023conformal,
  title={Conformal Inductive Graph Neural Networks},
  author={Zargarbashi, Soroush H and Bojchevski, Aleksandar},
  booktitle={The Twelfth International Conference on Learning Representations},
  year={2023}
}

@article{Lei2018regression,
author = {Jing Lei and Max G'Sell and Alessandro Rinaldo and Ryan J. Tibshirani and Larry Wasserman},
title = {Distribution-Free Predictive Inference for Regression},
journal = {Journal of the American Statistical Association},
volume = {113},
number = {523},
pages = {1094--1111},
year = {2018},
publisher = {Taylor \& Francis},
doi = {10.1080/01621459.2017.1307116}
}

@article{lei2013distribution,
  title={Distribution-free prediction sets},
  author={Lei, Jing and Robins, James and Wasserman, Larry},
  journal={Journal of the American Statistical Association},
  volume={108},
  number={501},
  pages={278--287},
  year={2013},
  publisher={Taylor \& Francis}
}

@article{lei2014distribution,
  title={Distribution-free prediction bands for non-parametric regression},
  author={Lei, Jing and Wasserman, Larry},
  journal={Journal of the Royal Statistical Society Series B: Statistical Methodology},
  volume={76},
  number={1},
  pages={71--96},
  year={2014},
  publisher={Oxford University Press}
}

@InProceedings{pmlr-v202-h-zargarbashi23a,
  title = 	 {Conformal Prediction Sets for Graph Neural Networks},
  author =       {Zargarbashi, Soroush H and Antonelli, Simone and Bojchevski, Aleksandar},
  booktitle = 	 {Proceedings of the 40th International Conference on Machine Learning},
  pages = 	 {12292--12318},
  year = 	 {2023},
  editor = 	 {Krause, Andreas and Brunskill, Emma and Cho, Kyunghyun and Engelhardt, Barbara and Sabato, Sivan and Scarlett, Jonathan},
  volume = 	 {202},
  series = 	 {Proceedings of Machine Learning Research},
  month = 	 {23--29 Jul},
  publisher =    {PMLR},
  url = 	 {https://proceedings.mlr.press/v202/h-zargarbashi23a.html}
}


@InProceedings{pmlr-v119-teru20a,
  title = 	 {Inductive Relation Prediction by Subgraph Reasoning},
  author =       {Teru, Komal and Denis, Etienne and Hamilton, Will},
  booktitle = 	 {Proceedings of the 37th International Conference on Machine Learning},
  pages = 	 {9448--9457},
  year = 	 {2020},
  editor = 	 {III, Hal Daumé and Singh, Aarti},
  volume = 	 {119},
  series = 	 {Proceedings of Machine Learning Research},
  month = 	 {13--18 Jul},
  publisher =    {PMLR},
  pdf = 	 {http://proceedings.mlr.press/v119/teru20a/teru20a.pdf},
  url = 	 {https://proceedings.mlr.press/v119/teru20a.html},
}


@article{huang2024uncertainty,
  title={Uncertainty quantification over graph with conformalized graph neural networks},
  author={Huang, Kexin and Jin, Ying and Candes, Emmanuel and Leskovec, Jure},
  journal={Advances in Neural Information Processing Systems},
  volume={36},
  year={2024}
}

@article{angelopoulos2021gentle,
  title={A gentle introduction to conformal prediction and distribution-free uncertainty quantification},
  author={Angelopoulos, Anastasios N and Bates, Stephen},
  journal={arXiv preprint arXiv:2107.07511},
  year={2021}
}

@article{barber2023conformal,
  title={Conformal prediction beyond exchangeability},
  author={Barber, Rina Foygel and Candes, Emmanuel J and Ramdas, Aaditya and Tibshirani, Ryan J},
  journal={The Annals of Statistics},
  volume={51},
  number={2},
  pages={816--845},
  year={2023},
  publisher={Institute of Mathematical Statistics}
}

@article{kipf2016semi,
  title={Semi-supervised classification with graph convolutional networks},
  author={Kipf, Thomas N and Welling, Max},
  journal={arXiv preprint arXiv:1609.02907},
  year={2016}
}

@article{velivckovic2017graph,
  title={Graph attention networks},
  author={Veli{\v{c}}kovi{\'c}, Petar and Cucurull, Guillem and Casanova, Arantxa and Romero, Adriana and Lio, Pietro and Bengio, Yoshua},
  journal={arXiv preprint arXiv:1710.10903},
  year={2017}
}

@inproceedings{clarkson2023distribution,
  title={Distribution free prediction sets for node classification},
  author={Clarkson, Jase},
  booktitle={International Conference on Machine Learning},
  pages={6268--6278},
  year={2023},
  organization={PMLR}
}

@book{vovk2005algorithmic,
  title={Algorithmic learning in a random world},
  author={Vovk, Vladimir and Gammerman, Alexander and Shafer, Glenn},
  volume={29},
  year={2005},
  publisher={Springer}
}

@article{xu2014dynamic,
  title={Dynamic stochastic blockmodels for time-evolving social networks},
  author={Xu, Kevin S and Hero, Alfred O},
  journal={IEEE Journal of Selected Topics in Signal Processing},
  volume={8},
  number={4},
  pages={552--562},
  year={2014},
  publisher={IEEE}
}

@article{yang2011detecting,
  title={Detecting communities and their evolutions in dynamic social networks—a {B}ayesian approach},
  author={Yang, Tianbao and Chi, Yun and Zhu, Shenghuo and Gong, Yihong and Jin, Rong},
  journal={Machine learning},
  volume={82},
  pages={157--189},
  year={2011},
  publisher={Springer}
}




@article{romano2020classification,
  title={Classification with valid and adaptive coverage},
  author={Romano, Yaniv and Sesia, Matteo and Candes, Emmanuel},
  journal={Advances in Neural Information Processing Systems},
  volume={33},
  pages={3581--3591},
  year={2020}
}

@article{foygel2021limits,
  title={The limits of distribution-free conditional predictive inference},
  author={Foygel Barber, Rina and Candes, Emmanuel J and Ramdas, Aaditya and Tibshirani, Ryan J},
  journal={Information and Inference: A Journal of the IMA},
  volume={10},
  number={2},
  pages={455--482},
  year={2021},
  publisher={Oxford University Press}
}

@misc{lunde2023validity,
      title={On the Validity of Conformal Prediction for Network Data Under Non-Uniform Sampling}, 
      author={Robert Lunde},
      year={2023},
      eprint={2306.07252},
      archivePrefix={arXiv},
      primaryClass={math.ST}
}

@article{abdarReviewUncertaintyQuantification2021,
  title = {A Review of Uncertainty Quantification in Deep Learning: {{Techniques}}, Applications and Challenges},
  shorttitle = {A Review of Uncertainty Quantification in Deep Learning},
  author = {Abdar, Moloud and Pourpanah, Farhad and Hussain, Sadiq and Rezazadegan, Dana and Liu, Li and Ghavamzadeh, Mohammad and Fieguth, Paul and Cao, Xiaochun and Khosravi, Abbas and Acharya, U. Rajendra and Makarenkov, Vladimir and Nahavandi, Saeid},
  date = {2021-12-01},
  journaltitle = {Information Fusion},
  shortjournal = {Information Fusion},
  volume = {76},
  pages = {243--297},
  issn = {1566-2535},
  doi = {10.1016/j.inffus.2021.05.008},
  url = {https://www.sciencedirect.com/science/article/pii/S1566253521001081},
  urldate = {2024-05-20},
  keywords = {Artificial intelligence,Bayesian statistics,Deep learning,Ensemble learning,Machine learning,Uncertainty quantification},
  file = {/Users/madjl/Zotero/storage/QCHTJAQM/Abdar et al_2021_A review of uncertainty quantification in deep learning.pdf;/Users/madjl/Zotero/storage/TH8C3JJ4/S1566253521001081.html}
}


@article{tangSimCalibGraphNeural2024,
  title = {{{SimCalib}}: {{Graph Neural Network Calibration Based}} on {{Similarity}} between {{Nodes}}},
  shorttitle = {{{SimCalib}}},
  author = {Tang, Boshi and Wu, Zhiyong and Wu, Xixin and Huang, Qiaochu and Chen, Jun and Lei, Shun and Meng, Helen},
  date = {2024-03-24},
  journaltitle = {Proceedings of the AAAI Conference on Artificial Intelligence},
  volume = {38},
  number = {14},
  pages = {15267--15275},
  issn = {2374-3468},
  doi = {10.1609/aaai.v38i14.29450},
  url = {https://ojs.aaai.org/index.php/AAAI/article/view/29450},
  urldate = {2024-05-20},
  issue = {14},
  langid = {english},
  keywords = {ML: Calibration & Uncertainty Quantification},
  file = {/Users/madjl/Zotero/storage/FR48QFTN/Tang et al_2024_SimCalib.pdf}
}



@article{brunaSpectralNetworksLocally2014,
  title = {Spectral Networks and Locally Connected Networks on Graphs},
  author = {Bruna, Joan and Zaremba, Wojciech and Szlam, Arthur and Lecun, Yann},
  date = {2014},
  journaltitle = {International Conference on Learning Representations (ICLR2014), CBLS, April 2014},
  url = {http://openreview.net/document/d332e77d-  459a-4af8-b3ed-55ba9662182c},
  urldate = {2024-05-20}
}

@book{GraphRepresentationLearning2020,
  title = {Graph {{Representation Learning Book}}},
  author = {William L. Hamilton},
  date={2020},
  url = {https://www.cs.mcgill.ca/~wlh/grl_book/},
  urldate = {2024-05-20},
  file = {/Users/madjl/Zotero/storage/2H3AULZE/grl_book.html}
}

@inproceedings{Krizhevsky2012cnn,
 author = {Krizhevsky, Alex and Sutskever, Ilya and Hinton, Geoffrey E},
 booktitle = {Advances in Neural Information Processing Systems},
 editor = {F. Pereira and C.J. Burges and L. Bottou and K.Q. Weinberger},
 pages = {},
 publisher = {Curran Associates, Inc.},
 title = {ImageNet Classification with Deep Convolutional Neural Networks},
 url = {https://proceedings.neurips.cc/paper_files/paper/2012/file/c399862d3b9d6b76c8436e924a68c45b-Paper.pdf},
 volume = {25},
 year = {2012}
}

@article{bengio2013representation,
  title={Representation learning: A review and new perspectives},
  author={Bengio, Yoshua and Courville, Aaron and Vincent, Pascal},
  journal={IEEE transactions on pattern analysis and machine intelligence},
  volume={35},
  number={8},
  pages={1798--1828},
  year={2013},
  publisher={IEEE}
}

@article{hamilton2017representation,
  title={Representation learning on graphs: Methods and applications},
  author={Hamilton, William L and Ying, Rex and Leskovec, Jure},
  journal={arXiv preprint arXiv:1709.05584},
  year={2017}
}


@article{wu2020comprehensive,
  title={A comprehensive survey on graph neural networks},
  author={Wu, Zonghan and Pan, Shirui and Chen, Fengwen and Long, Guodong and Zhang, Chengqi and Philip, S Yu},
  journal={IEEE transactions on neural networks and learning systems},
  volume={32},
  number={1},
  pages={4--24},
  year={2020},
  publisher={IEEE}
}


@ARTICLE{Scarselli2009GNN,
  author={Scarselli, Franco and Gori, Marco and Tsoi, Ah Chung and Hagenbuchner, Markus and Monfardini, Gabriele},
  journal={IEEE Transactions on Neural Networks}, 
  title={The Graph Neural Network Model}, 
  year={2009},
  volume={20},
  number={1},
  pages={61-80},
  keywords={Neural networks;Biological system modeling;Data engineering;Computer vision;Chemistry;Biology;Pattern recognition;Data mining;Supervised learning;Parameter estimation;Graphical domains;graph neural networks (GNNs);graph processing;recursive neural networks},
  doi={10.1109/TNN.2008.2005605}}

@article{denker1990transforming,
  title={Transforming neural-net output levels to probability distributions},
  author={Denker, John and LeCun, Yann},
  journal={Advances in neural information processing systems},
  volume={3},
  year={1990}
}

@inproceedings{guo2017calibration,
  title={On calibration of modern neural networks},
  author={Guo, Chuan and Pleiss, Geoff and Sun, Yu and Weinberger, Kilian Q},
  booktitle={International conference on machine learning},
  pages={1321--1330},
  year={2017},
  organization={PMLR}
}

@article{karandikar2021soft,
  title={Soft calibration objectives for neural networks},
  author={Karandikar, Archit and Cain, Nicholas and Tran, Dustin and Lakshminarayanan, Balaji and Shlens, Jonathon and Mozer, Michael C and Roelofs, Becca},
  journal={Advances in Neural Information Processing Systems},
  volume={34},
  pages={29768--29779},
  year={2021}
}

@article{fontana2023conformal,
  title={Conformal prediction: a unified review of theory and new challenges},
  author={Fontana, Matteo and Zeni, Gianluca and Vantini, Simone},
  journal={Bernoulli},
  volume={29},
  number={1},
  pages={1--23},
  year={2023},
  publisher={Bernoulli Society for Mathematical Statistics and Probability}
}

@article{shafer2008tutorial,
  title={A tutorial on conformal prediction.},
  author={Shafer, Glenn and Vovk, Vladimir},
  journal={Journal of Machine Learning Research},
  volume={9},
  number={3},
  year={2008}
}


@inproceedings{joachims2003transductive,
  title={Transductive learning via spectral graph partitioning},
  author={Joachims, Thorsten},
  booktitle={Proceedings of the 20th international conference on machine learning (ICML-03)},
  pages={290--297},
  year={2003}
}


@InProceedings{pmlr-v202-lee23c,
  title = 	 {{I}n{G}ram: Inductive Knowledge Graph Embedding via Relation Graphs},
  author =       {Lee, Jaejun and Chung, Chanyoung and Whang, Joyce Jiyoung},
  booktitle = 	 {Proceedings of the 40th International Conference on Machine Learning},
  pages = 	 {18796--18809},
  year = 	 {2023},
  editor = 	 {Krause, Andreas and Brunskill, Emma and Cho, Kyunghyun and Engelhardt, Barbara and Sabato, Sivan and Scarlett, Jonathan},
  volume = 	 {202},
  series = 	 {Proceedings of Machine Learning Research},
  month = 	 {23--29 Jul},
  publisher =    {PMLR},
  pdf = 	 {https://proceedings.mlr.press/v202/lee23c/lee23c.pdf},
  url = 	 {https://proceedings.mlr.press/v202/lee23c.html},
}

@article{hamilton2017inductive,
  title={Inductive representation learning on large graphs},
  author={Hamilton, Will and Ying, Zhitao and Leskovec, Jure},
  journal={Advances in neural information processing systems},
  volume={30},
  year={2017}
}


@ARTICLE{Skarding2021DGNN,
  author={Skarding, Joakim and Gabrys, Bogdan and Musial, Katarzyna},
  journal={IEEE Access}, 
  title={Foundations and Modeling of Dynamic Networks Using Dynamic Graph Neural Networks: A Survey}, 
  year={2021},
  volume={9},
  number={},
  pages={79143-79168},
  keywords={Graph neural networks;Terminology;Task analysis;Context modeling;Predictive models;Taxonomy;Heuristic algorithms;Dynamic network models;graph neural networks;link prediction;temporal networks},
  doi={10.1109/ACCESS.2021.3082932}}

@inproceedings{Wang2016structural,
author = {Wang, Daixin and Cui, Peng and Zhu, Wenwu},
title = {Structural Deep Network Embedding},
year = {2016},
isbn = {9781450342322},
publisher = {Association for Computing Machinery},
address = {New York, NY, USA},
url = {https://doi.org/10.1145/2939672.2939753},
doi = {10.1145/2939672.2939753},
booktitle = {Proceedings of the 22nd ACM SIGKDD International Conference on Knowledge Discovery and Data Mining},
pages = {1225–1234},
numpages = {10},
keywords = {deep learning, network analysis, network embedding},
location = {San Francisco, California, USA},
series = {KDD '16}
}

@article{goyal2020dyngraph2vec,
  title={dyngraph2vec: Capturing network dynamics using dynamic graph representation learning},
  author={Goyal, Palash and Chhetri, Sujit Rokka and Canedo, Arquimedes},
  journal={Knowledge-Based Systems},
  volume={187},
  pages={104816},
  year={2020},
  publisher={Elsevier}
}

@ARTICLE{Chen2021Elstmd,
  author={Chen, Jinyin and Zhang, Jian and Xu, Xuanheng and Fu, Chenbo and Zhang, Dan and Zhang, Qingpeng and Xuan, Qi},
  journal={IEEE Transactions on Systems, Man, and Cybernetics: Systems}, 
  title={E-LSTM-D: A Deep Learning Framework for Dynamic Network Link Prediction}, 
  year={2021},
  volume={51},
  number={6},
  pages={3699-3712},
  doi={10.1109/TSMC.2019.2932913}}

@ARTICLE{Zheng2022GCNGAN,
  author={Zheng, Hongling and Li, Xiang and Li, Yongfeng and Yan, Ziqin and Li, Tinghong},
  journal={IEEE Access}, 
  title={GCN-GAN: Integrating Graph Convolutional Network and Generative Adversarial Network for Traffic Flow Prediction}, 
  year={2022},
  volume={10},
  number={},
  pages={94051-94062},
  keywords={Predictive models;Neural networks;Generative adversarial networks;Convolutional neural networks;Data models;Machine learning;Time series analysis;Intelligent transportation systems;Intelligent transport system;GCN-GAN;graph machine learning;time series prediction},
  doi={10.1109/ACCESS.2022.3204036}}


@article{macdonald2015rethinking,
  title={Rethinking agricultural trade relationships in an era of globalization},
  author={MacDonald, Graham K and Brauman, Kate A and Sun, Shipeng and Carlson, Kimberly M and Cassidy, Emily S and Gerber, James S and West, Paul C},
  journal={BioScience},
  volume={65},
  number={3},
  pages={275--289},
  year={2015},
  publisher={Oxford University Press}
}

@article{huang2024temporal,
  title={Temporal graph benchmark for machine learning on temporal graphs},
  author={Huang, Shenyang and Poursafaei, Farimah and Danovitch, Jacob and Fey, Matthias and Hu, Weihua and Rossi, Emanuele and Leskovec, Jure and Bronstein, Michael and Rabusseau, Guillaume and Rabbany, Reihaneh},
  journal={Advances in Neural Information Processing Systems},
  volume={36},
  year={2024}
}

@article{parejaEvolveGCNEvolvingGraph2020,
  title = {{{EvolveGCN}}: {{Evolving Graph Convolutional Networks}} for {{Dynamic Graphs}}},
  shorttitle = {{{EvolveGCN}}},
  author = {Pareja, Aldo and Domeniconi, Giacomo and Chen, Jie and Ma, Tengfei and Suzumura, Toyotaro and Kanezashi, Hiroki and Kaler, Tim and Schardl, Tao and Leiserson, Charles},
  date = {2020-04-03},
  journaltitle = {Proceedings of the AAAI Conference on Artificial Intelligence},
  volume = {34},
  number = {04},
  pages = {5363--5370},
  issn = {2374-3468},
  doi = {10.1609/aaai.v34i04.5984},
  url = {https://ojs.aaai.org/index.php/AAAI/article/view/5984},
  urldate = {2024-05-20},
  issue = {04},
  langid = {english},
}




@inproceedings{vovk2012conditional,
  title={Conditional validity of inductive conformal predictors},
  author={Vovk, Vladimir},
  booktitle={Asian conference on machine learning},
  pages={475--490},
  year={2012},
  organization={PMLR}
}



@article{phan2023fake,
  title={Fake news detection: A survey of graph neural network methods},
  author={Phan, Huyen Trang and Nguyen, Ngoc Thanh and Hwang, Dosam},
  journal={Applied Soft Computing},
  pages={110235},
  year={2023},
  publisher={Elsevier}
}

@article{bilot2023graph,
  title={Graph neural networks for intrusion detection: A survey},
  author={Bilot, Tristan and El Madhoun, Nour and Al Agha, Khaldoun and Zouaoui, Anis},
  journal={IEEE Access},
  year={2023},
  publisher={IEEE}
}

@inproceedings{he2022illuminati,
  title={Illuminati: Towards explaining graph neural networks for cybersecurity analysis},
  author={He, Haoyu and Ji, Yuede and Huang, H Howie},
  booktitle={2022 IEEE 7th European Symposium on Security and Privacy (EuroS\&P)},
  pages={74--89},
  year={2022},
  organization={IEEE}
}

@article{bowman2021towards,
  title={Towards next-generation cybersecurity with graph {AI}},
  author={Bowman, Benjamin and Huang, H Howie},
  journal={ACM SIGOPS Operating Systems Review},
  volume={55},
  number={1},
  pages={61--67},
  year={2021},
  publisher={ACM New York, NY, USA}
}

@inproceedings{nair2024t,
  title={T-NET: Weakly Supervised Graph Learning for Combatting Human Trafficking},
  author={Nair, Pratheeksha and Liu, Javin and Vajiac, Catalina and Olligschlaeger, Andreas and Chau, Duen Horng and Cazzolato, Mirela and Jones, Cara and Faloutsos, Christos and Rabbany, Reihaneh},
  booktitle={Proceedings of the AAAI Conference on Artificial Intelligence},
  volume={38(20)},
  pages={22276--22284},
  year={2024}
}

@inproceedings{szekely2015building,
  title={Building and using a knowledge graph to combat human trafficking},
  author={Szekely, Pedro and Knoblock, Craig A and Slepicka, Jason and Philpot, Andrew and Singh, Amandeep and Yin, Chengye and Kapoor, Dipsy and Natarajan, Prem and Marcu, Daniel and Knight, Kevin and others},
  booktitle={The Semantic Web-ISWC 2015: 14th International Semantic Web Conference, Bethlehem, PA, USA, October 11-15, 2015, Proceedings, Part II 14},
  pages={205--221},
  year={2015},
  organization={Springer}
}

liu2020heterogeneous,boll2024graph
@inproceedings{liu2020heterogeneous,
  title={Heterogeneous similarity graph neural network on electronic health records},
  author={Liu, Zheng and Li, Xiaohan and Peng, Hao and He, Lifang and Philip, S Yu},
  booktitle={2020 IEEE international conference on big data (big data)},
  pages={1196--1205},
  year={2020},
  organization={IEEE}
}

@article{boll2024graph,
  title={Graph neural networks for clinical risk prediction based on electronic health records: A survey},
  author={Boll, Helo{\'\i}sa Oss and Amirahmadi, Ali and Ghazani, Mirfarid Musavian and de Morais, Wagner Ourique and de Freitas, Edison Pignaton and Soliman, Amira and Etminani, Kobra and Byttner, Stefan and Recamonde-Mendoza, Mariana},
  journal={Journal of Biomedical Informatics},
  pages={104616},
  year={2024},
  publisher={Elsevier}
}


@article{tan2022deeptrace,
  title={Deeptrace: Learning to optimize contact tracing in epidemic networks with graph neural networks},
  author={Tan, Chee Wei and Yu, Pei-Duo and Chen, Siya and Poor, H Vincent},
  journal={arXiv preprint arXiv:2211.00880},
  year={2022}
}

@inproceedings{derrow2021eta,
  title={{ETA} prediction with graph neural networks in google maps},
  author={Derrow-Pinion, Austin and She, Jennifer and Wong, David and Lange, Oliver and Hester, Todd and Perez, Luis and Nunkesser, Marc and Lee, Seongjae and Guo, Xueying and Wiltshire, Brett and others},
  booktitle={Proceedings of the 30th ACM International Conference on Information \& Knowledge Management},
  pages={3767--3776},
  year={2021}
}


@article{velivckovic2023everything,
  title={Everything is connected: Graph neural networks},
  author={Veli{\v{c}}kovi{\'c}, Petar},
  journal={Current Opinion in Structural Biology},
  volume={79},
  pages={102538},
  year={2023},
  publisher={Elsevier}
}

@article{berg2017graph,
  title={Graph convolutional matrix completion},
  author={Berg, Rianne van den and Kipf, Thomas N and Welling, Max},
  journal={arXiv preprint arXiv:1706.02263},
  year={2017}
}

@article{wu2022graph,
  title={Graph neural networks in recommender systems: a survey},
  author={Wu, Shiwen and Sun, Fei and Zhang, Wentao and Xie, Xu and Cui, Bin},
  journal={ACM Computing Surveys},
  volume={55},
  number={5},
  pages={1--37},
  year={2022},
  publisher={ACM New York, NY}
}

@article{gaudelet2021utilizing,
  title={Utilizing graph machine learning within drug discovery and development},
  author={Gaudelet, Thomas and Day, Ben and Jamasb, Arian R and Soman, Jyothish and Regep, Cristian and Liu, Gertrude and Hayter, Jeremy BR and Vickers, Richard and Roberts, Charles and Tang, Jian and others},
  journal={Briefings in bioinformatics},
  volume={22},
  number={6},
  pages={bbab159},
  year={2021},
  publisher={Oxford University Press}
}

@article{wu2023graph,
  title={Graph neural networks for natural language processing: A survey},
  author={Wu, Lingfei and Chen, Yu and Shen, Kai and Guo, Xiaojie and Gao, Hanning and Li, Shucheng and Pei, Jian and Long, Bo and others},
  journal={Foundations and Trends{\textregistered} in Machine Learning},
  volume={16},
  number={2},
  pages={119--328},
  year={2023},
  publisher={Now Publishers, Inc.}
}

@inproceedings{peng2018large,
  title={Large-scale hierarchical text classification with recursively regularized deep graph-{CNN}},
  author={Peng, Hao and Li, Jianxin and He, Yu and Liu, Yaopeng and Bao, Mengjiao and Wang, Lihong and Song, Yangqiu and Yang, Qiang},
  booktitle={Proceedings of the 2018 world wide web conference},
  pages={1063--1072},
  year={2018}
}

@inproceedings{sarlin2020superglue,
  title={Superglue: Learning feature matching with graph neural networks},
  author={Sarlin, Paul-Edouard and DeTone, Daniel and Malisiewicz, Tomasz and Rabinovich, Andrew},
  booktitle={Proceedings of the IEEE/CVF conference on computer vision and pattern recognition},
  pages={4938--4947},
  year={2020}
}

@article{sanchez-lengeling2021a,
  author = {Sanchez-Lengeling, Benjamin and Reif, Emily and Pearce, Adam and Wiltschko, Alexander B.},
  title = {A Gentle Introduction to Graph Neural Networks},
  journal = {Distill},
  year = {2021},
  note = {https://distill.pub/2021/gnn-intro},
  doi = {10.23915/distill.00033}
}

@article{jumper2021highly,
  title={Highly accurate protein structure prediction with {A}lpha{F}old},
  author={Jumper, John and Evans, Richard and Pritzel, Alexander and Green, Tim and Figurnov, Michael and Ronneberger, Olaf and Tunyasuvunakool, Kathryn and Bates, Russ and {\v{Z}}{\'\i}dek, Augustin and Potapenko, Anna and others},
  journal={Nature},
  volume={596},
  number={7873},
  pages={583--589},
  year={2021},
  publisher={Nature Publishing Group}
}


@article{tibshirani2019conformal,
  title={Conformal prediction under covariate shift},
  author={Tibshirani, Ryan J and Foygel Barber, Rina and Candes, Emmanuel and Ramdas, Aaditya},
  journal={Advances in neural information processing systems},
  volume={32},
  year={2019}
}

@article{gibbs2023conformal,
  title={Conformal prediction with conditional guarantees},
  author={Gibbs, Isaac and Cherian, John J and Cand{\`e}s, Emmanuel J},
  journal={arXiv preprint arXiv:2305.12616},
  year={2023}
}


@article{zhang2018tensor,
  title={Tensor {SVD}: Statistical and computational limits},
  author={Zhang, Anru and Xia, Dong},
  journal={IEEE Transactions on Information Theory},
  volume={64},
  number={11},
  pages={7311--7338},
  year={2018},
  publisher={IEEE}
}

@article{rubin2022statistical,
  title={A statistical interpretation of spectral embedding: the generalised random dot product graph},
  author={Rubin-Delanchy, Patrick and Cape, Joshua and Tang, Minh and Priebe, Carey E},
  journal={Journal of the Royal Statistical Society Series B: Statistical Methodology},
  volume={84},
  number={4},
  pages={1446--1473},
  year={2022},
  publisher={Oxford University Press}
}

@article{jones2020multilayer,
  title={The multilayer random dot product graph},
  author={Jones, Andrew and Rubin-Delanchy, Patrick},
  journal={arXiv preprint arXiv:2007.10455},
  year={2020}
}


@article{abbe2020entrywise,
  title={Entrywise eigenvector analysis of random matrices with low expected rank},
  author={Abbe, Emmanuel and Fan, Jianqing and Wang, Kaizheng and Zhong, Yiqiao},
  journal={Annals of statistics},
  volume={48},
  number={3},
  pages={1452},
  year={2020},
  publisher={NIH Public Access}
}



@article{agterberg2022estimating,
  title={Estimating Higher-Order Mixed Memberships via the $\ell_{2,\infty}$ Tensor Perturbation Bound},
  author={Agterberg, Joshua and Zhang, Anru},
  journal={arXiv preprint arXiv:2212.08642},
  year={2022}
}

@article{borisyuk2024lignn,
  title={Li{GNN}: Graph Neural Networks at {L}inked{I}n},
  author={Borisyuk, Fedor and He, Shihai and Ouyang, Yunbo and Ramezani, Morteza and Du, Peng and Hou, Xiaochen and Jiang, Chengming and Pasumarthy, Nitin and Bannur, Priya and Tiwana, Birjodh and others},
  journal={arXiv preprint arXiv:2402.11139},
  year={2024}
}

@article{duvenaud2015convolutional, 
  title={Convolutional networks on graphs for learning molecular fingerprints},
  author={Duvenaud, David K and Maclaurin, Dougal and Iparraguirre, Jorge and Bombarell, Rafael and Hirzel, Timothy and Aspuru-Guzik, Al{\'a}n and Adams, Ryan P},
  journal={Advances in neural information processing systems},
  volume={28},
  year={2015}
}

@inproceedings{gilmer2017neural,
  title={Neural message passing for quantum chemistry},
  author={Gilmer, Justin and Schoenholz, Samuel S and Riley, Patrick F and Vinyals, Oriol and Dahl, George E},
  booktitle={International conference on machine learning},
  pages={1263--1272},
  year={2017},
  organization={PMLR}
}

@article{stokes2020deep,
  title={A deep learning approach to antibiotic discovery},
  author={Stokes, Jonathan M and Yang, Kevin and Swanson, Kyle and Jin, Wengong and Cubillos-Ruiz, Andres and Donghia, Nina M and MacNair, Craig R and French, Shawn and Carfrae, Lindsey A and Bloom-Ackermann, Zohar and others},
  journal={Cell},
  volume={180},
  number={4},
  pages={688--702},
  year={2020},
  publisher={Elsevier}
}

@article{davies2021advancing,
  title={Advancing mathematics by guiding human intuition with {AI}},
  author={Davies, Alex and Veli{\v{c}}kovi{\'c}, Petar and Buesing, Lars and Blackwell, Sam and Zheng, Daniel and Toma{\v{s}}ev, Nenad and Tanburn, Richard and Battaglia, Peter and Blundell, Charles and Juh{\'a}sz, Andr{\'a}s and others},
  journal={Nature},
  volume={600},
  number={7887},
  pages={70--74},
  year={2021},
  publisher={Nature Publishing Group}
}


@article{OpenGraph,
  title={Open graph benchmark: Datasets for machine learning on graphs},
  author={Hu, Weihua and Fey, Matthias and Zitnik, Marinka and Dong, Yuxiao and Ren, Hongyu and Liu, Bowen and Catasta, Michele and Leskovec, Jure},
  journal={Advances in neural information processing systems},
  volume={33},
  pages={22118--22133},
  year={2020}
}


@inproceedings{Pytorch,
  title={Fast Graph Representation Learning with {PyTorch Geometric}},
  author={Fey, Matthias and Lenssen, Jan E.},
  booktitle={ICLR Workshop on Representation Learning on Graphs and Manifolds},
  year={2019},
}


@book{hamilton2020graph,
  title={Graph representation learning},
  author={Hamilton, William L},
  year={2020},
  publisher={Morgan \& Claypool Publishers}
}

@article{wang2023multilayer,
  title={Multilayer random dot product graphs: Estimation and online change point detection},
  author={Wang, Fan and Li, Wanshan and Padilla, Oscar Hernan Madrid and Yu, Yi and Rinaldo, Alessandro},
  journal={arXiv preprint arXiv:2306.15286},
  year={2023}
}

@article{Gao2024-efficienttgnn,
author = {Gao, Shihong and Li, Yiming and Shen, Yanyan and Shao, Yingxia and Chen, Lei},
title = {{ETC}: Efficient Training of Temporal Graph Neural Networks over Large-Scale Dynamic Graphs},
year = {2024},
issue_date = {January 2024},
publisher = {VLDB Endowment},
volume = {17},
number = {5},
issn = {2150-8097},
url = {https://doi.org/10.14778/3641204.3641215},
doi = {10.14778/3641204.3641215},
journal = {Proc. VLDB Endow.},
month = may,
pages = {1060–1072},
numpages = {13}
}

@article{Gau2024-SimpleTemporalGNN,
author = {Gao, Shihong and Li, Yiming and Zhang, Xin and Shen, Yanyan and Shao, Yingxia and Chen, Lei},
title = {SIMPLE: Efficient Temporal Graph Neural Network Training at Scale with Dynamic Data Placement},
year = {2024},
issue_date = {June 2024},
publisher = {Association for Computing Machinery},
address = {New York, NY, USA},
volume = {2},
number = {3},
url = {https://doi.org/10.1145/3654977},
doi = {10.1145/3654977},
journal = {Proc. ACM Manag. Data},
month = may,
articleno = {174},
numpages = {25},
keywords = {dynamic data placement, large-scale dynamic graphs, temporal graph neural networks}
}

@article{angelopoulos2020uncertainty,
  title={Uncertainty sets for image classifiers using conformal prediction},
  author={Angelopoulos, Anastasios and Bates, Stephen and Malik, Jitendra and Jordan, Michael I},
  journal={arXiv preprint arXiv:2009.14193},
  year={2020}
}

@article{huang2023conformal,
  title={Conformal prediction for deep classifier via label ranking},
  author={Huang, Jianguo and Xi, Huajun and Zhang, Linjun and Yao, Huaxiu and Qiu, Yue and Wei, Hongxin},
  journal={arXiv preprint arXiv:2310.06430},
  year={2023}
}


% FROM AISTATS PAPER

@misc{jones2020multilayerRDPG,
  doi = {10.48550/ARXIV.2007.10455},
  url = {https://arxiv.org/abs/2007.10455}, 
  author = {Jones, Andrew and Rubin-Delanchy, Patrick},
  title = {The multilayer random dot product graph},
  publisher = {arXiv},
  year = {2020}
}

@article{gallagher2021spectral,
  title={Spectral embedding for dynamic networks with stability guarantees},
  author={Gallagher, Ian and Jones, Andrew and Rubin-Delanchy, Patrick},
  journal={Advances in Neural Information Processing Systems},
  volume={34},
  pages={10158--10170},
  year={2021}
}

@article{Lathauwer2000SVD,
author = {De Lathauwer, Lieven and De Moor, Bart and Vandewalle, Joos},
title = {A Multilinear Singular Value Decomposition},
journal = {SIAM Journal on Matrix Analysis and Applications},
volume = {21},
number = {4},
pages = {1253-1278},
year = {2000},
doi = {10.1137/S0895479896305696}
}

@article{holland1983stochastic,
  title={Stochastic blockmodels: First steps},
  author={Holland, Paul W and Laskey, Kathryn Blackmond and Leinhardt, Samuel},
  journal={Social networks},
  volume={5},
  number={2},
  pages={109--137},
  year={1983},
  publisher={Elsevier}
}

@article{airoldi2008mixed,
  title={Mixed membership stochastic blockmodels},
  author={Airoldi, Edo M and Blei, David and Fienberg, Stephen and Xing, Eric},
  journal={Advances in neural information processing systems},
  volume={21},
  year={2008}
}

@book{fix1985discriminatory,
  title={Discriminatory analysis: nonparametric discrimination, consistency properties},
  author={Fix, Evelyn},
  volume={1},
  year={1985},
  publisher={USAF school of Aviation Medicine}
}

@article{davis2023simple,
  title={A Simple and Powerful Framework for Stable Dynamic Network Embedding},
  author={Davis, Ed and Gallagher, Ian and Lawson, Daniel John and Rubin-Delanchy, Patrick},
  journal={arXiv preprint arXiv:2311.09251},
  year={2023}
}


@article{soderberg2002general,
  title={General formalism for inhomogeneous random graphs},
  author={S{\"o}derberg, Bo},
  journal={Physical review E},
  volume={66},
  number={6},
  pages={066121},
  year={2002},
  publisher={APS}
}

@article{efron1979bootstrap,
author = {B. Efron},
title = {Bootstrap Methods: Another Look at the Jackknife},
volume = {7},
journal = {The Annals of Statistics},
number = {1},
publisher = {Institute of Mathematical Statistics},
pages = {1 -- 26},
keywords = {bootstrap, discriminant analysis, error rate estimation, jackknife, Nonlinear regression, nonparametric variance estimation, Resampling, subsample values},
year = {1979},
doi = {10.1214/aos/1176344552},
URL = {https://doi.org/10.1214/aos/1176344552}
}

@article{hoff2002latent,
  title={Latent space approaches to social network analysis},
  author={Hoff, Peter D and Raftery, Adrian E and Handcock, Mark S},
  journal={Journal of the american Statistical association},
  volume={97},
  number={460},
  pages={1090--1098},
  year={2002},
  publisher={Taylor \& Francis}
}

@article{ZHU2006918,
title = {Automatic dimensionality selection from the scree plot via the use of profile likelihood},
journal = {Computational Statistics \& Data Analysis},
volume = {51},
number = {2},
pages = {918-930},
year = {2006},
issn = {0167-9473},
doi = {https://doi.org/10.1016/j.csda.2005.09.010},
url = {https://www.sciencedirect.com/science/article/pii/S0167947305002343},
author = {Mu Zhu and Ali Ghodsi}
}

@article{screePlotElbow,
author = {Nguyen, Lan and Holmes, Susan},
year = {2019},
month = {06},
pages = {e1006907},
title = {Ten quick tips for effective dimensionality reduction},
volume = {15},
journal = {PLOS Computational Biology},
doi = {10.1371/journal.pcbi.1006907}
}



@article{athreya2017statistical,
  title={Statistical inference on random dot product graphs: a survey},
  author={Athreya, Avanti and Fishkind, Donniell E and Tang, Minh and Priebe, Carey E and Park, Youngser and Vogelstein, Joshua T and Levin, Keith and Lyzinski, Vince and Qin, Yichen},
  journal={The Journal of Machine Learning Research},
  volume={18},
  number={1},
  pages={8393--8484},
  year={2017},
  publisher={JMLR. org}
}


@phdthesis{nickel2006random,
  title={Random dot product graphs a model for social networks},
  author={Nickel, Christine Leigh Myers},
  year={2006},
  school={Johns Hopkins University}
}

@inproceedings{young2007random,
  title={Random dot product graph models for social networks},
  author={Young, Stephen J and Scheinerman, Edward R},
  booktitle={International Workshop on Algorithms and Models for the Web-Graph},
  pages={138--149},
  year={2007},
  organization={Springer}
}


@inproceedings{grover2016node2vec,
  title={node2vec: Scalable feature learning for networks},
  author={Grover, Aditya and Leskovec, Jure},
  booktitle={Proceedings of the 22nd ACM SIGKDD international conference on Knowledge discovery and data mining},
  pages={855--864},
  year={2016}
}

@article{pearson1901PCA,
author = {Karl Pearson},
title = {LIII. On lines and planes of closest fit to systems of points in space },
journal = {The London, Edinburgh, and Dublin Philosophical Magazine and Journal of Science},
volume = {2},
number = {11},
pages = {559--572},
year = {1901},
publisher = {Taylor \& Francis},
doi = {10.1080/14786440109462720},
URL = {https://doi.org/10.1080/14786440109462720},
eprint = {https://doi.org/10.1080/14786440109462720}

}


@book{efron1994introduction,
  title={An introduction to the bootstrap},
  author={Efron, Bradley and Tibshirani, Robert J},
  year={1994},
  publisher={Chapman and Hall/CRC}
}

@article{stehle2011high,
  title={High-resolution measurements of face-to-face contact patterns in a primary school},
  author={Stehl{\'e}, Juliette and Voirin, Nicolas and Barrat, Alain and Cattuto, Ciro and Isella, Lorenzo and Pinton, Jean-Fran{\c{c}}ois and Quaggiotto, Marco and Van den Broeck, Wouter and R{\'e}gis, Corinne and Lina, Bruno and others},
  journal={PloS one},
  volume={6},
  number={8},
  pages={e23176},
  year={2011},
  publisher={Public Library of Science San Francisco, USA}
}

@inproceedings{rossi2015network,
  title={The network data repository with interactive graph analytics and visualization},
  author={Rossi, Ryan and Ahmed, Nesreen},
  booktitle={Proceedings of the AAAI conference on artificial intelligence},
  volume={29},
  year={2015}
}




@article{erdos1959random,
  author = {Erdös, P and Rényi, A},
  journal = {Publicationes Mathematicae Debrecen},
  pages = {290--297},
  title = {On Random Graphs I},
  volume = 6,
  year = 1959
}


@misc{sussman2012consistentadjacencyspectralembedding,
      title={A consistent adjacency spectral embedding for stochastic blockmodel graphs}, 
      author={Daniel L. Sussman and Minh Tang and Donniell E. Fishkind and Carey E. Priebe},
      year={2012},
      eprint={1108.2228},
      archivePrefix={arXiv},
      primaryClass={stat.ML},
      url={https://arxiv.org/abs/1108.2228}, 
}

@article{van2008visualizing,
  title={Visualizing data using t-SNE.},
  author={Van der Maaten, Laurens and Hinton, Geoffrey},
  journal={Journal of machine learning research},
  volume={9},
  number={11},
  year={2008}
}

@article{mcinnes2018umap,
  title={Umap: Uniform manifold approximation and projection for dimension reduction},
  author={McInnes, Leland and Healy, John and Melville, James},
  journal={arXiv preprint arXiv:1802.03426},
  year={2018}
}



@inproceedings{levin2017central,
  title={A central limit theorem for an omnibus embedding of multiple random dot product graphs},
  author={Levin, Keith and Athreya, Avanti and Tang, Minh and Lyzinski, Vince and Priebe, Carey E},
  booktitle={2017 IEEE international conference on data mining workshops (ICDMW)},
  pages={964--967},
  year={2017},
  organization={IEEE}
}

@article{chen2020multiple,
  title={Multiple network embedding for anomaly detection in time series of graphs},
  author={Chen, Guodong and Arroyo, Jesús and Athreya, Avanti and Cape, Joshua and Vogelstein, Joshua T and Park, Youngser and White, Chris and Larson, Jonathan and Yang, Weiwei and Priebe, Carey E},
  journal={arXiv preprint arXiv:2008.10055},
  year={2020}
}

@article{scheinerman2010modeling,
  title={Modeling graphs using dot product representations},
  author={Scheinerman, Edward R and Tucker, Kimberly},
  journal={Computational statistics},
  volume={25},
  pages={1--16},
  year={2010},
  publisher={Springer}
}

@inproceedings{lin2008facetnet,
  title={Facetnet: a framework for analyzing communities and their evolutions in dynamic networks},
  author={Lin, Yu-Ru and Chi, Yun and Zhu, Shenghuo and Sundaram, Hari and Tseng, Belle L},
  booktitle={Proceedings of the 17th international conference on World Wide Web},
  pages={685--694},
  year={2008}
}

@article{modell2024intensity,
  title={Intensity Profile Projection: A framework for continuous-time representation learning for dynamic networks},
  author={Modell, Alexander and Gallagher, Ian and Ceccherini, Emma and Whiteley, Nick and Rubin-Delanchy, Patrick},
  journal={Advances in Neural Information Processing Systems},
  volume={36},
  year={2024}
}

@article{davis2024valid,
  title={Valid Conformal Prediction for Dynamic GNNs},
  author={Davis, Ed and Gallagher, Ian and Lawson, Daniel John and Rubin-Delanchy, Patrick},
  journal={arXiv preprint arXiv:2405.19230},
  year={2024}
}

@article{kreiss2011bootstrap,
  title={Bootstrap methods for dependent data: A review},
  author={Kreiss, Jens-Peter and Paparoditis, Efstathios},
  journal={Journal of the Korean Statistical Society},
  volume={40},
  number={4},
  pages={357--378},
  year={2011},
  publisher={Elsevier}
}

@article{green2022bootstrapping,
  title={Bootstrapping exchangeable random graphs},
  author={Green, Alden and Shalizi, Cosma Rohilla},
  journal={Electronic Journal of Statistics},
  volume={16},
  number={1},
  pages={1058--1095},
  year={2022},
  publisher={The Institute of Mathematical Statistics and the Bernoulli Society}
}


@article{lovasz2006limits,
  title={Limits of dense graph sequences},
  author={Lovász, László and Szegedy Balázs},
  journal={Journal of Combinatorial Theory, Series B},
  volume={96},
  number={6},
  pages={933--957},
  year={2006},
  publisher={Elsevier}
}

@article{borgs2008convergent,
  title={Convergent sequences of dense graphs I: Subgraph frequencies, metric properties and testing},
  author={Borgs, Christian and Chayes, Jennifer T and Lovász, László and  Sós, Vera T and Vesztergombi, Katalin},
  journal={Advances in Mathematics},
  volume={219},
  number={6},
  pages={1801--1851},
  year={2008},
  publisher={Elsevier}
}

@article{zu2024local,
  title={Local Bootstrap for Network Data},
  author={Zu, Tianhai and Qin, Yichen},
  journal={Biometrika},
  pages={asae046},
  year={2024},
  publisher={Oxford University Press}
}

@article{levin2019bootstrapping,
  title={Bootstrapping networks with latent space structure},
  author={Levin, Keith and Levina, Elizaveta},
  journal={arXiv preprint arXiv:1907.10821},
  year={2019}
}


@online{UStatisticsMmEstimatorsResampling,
  title = {U-Statistics, Mm-Estimators and Resampling},
  url = {https://link.springer.com/book/10.1007/978-981-13-2248-8},
  urldate = {2024-10-08},
  file = {/Users/madjl/Zotero/storage/YVM3YPWP/978-981-13-2248-8.html}
}

@article{Cape2019TwoToInfinity,
 ISSN = {00905364, 21688966},
 URL = {https://www.jstor.org/stable/26784034},
 author = {Joshua Cape and Minh Tang and Carey E. Priebe},
 journal = {The Annals of Statistics},
 number = {5},
 pages = {pp. 2405--2439},
 publisher = {Institute of Mathematical Statistics},
 title = {THE TWO-TO-INFINITY NORM AND SINGULAR SUBSPACE GEOMETRY WITH APPLICATIONS TO HIGH-DIMENSIONAL STATISTICS},
 urldate = {2024-10-08},
 volume = {47},
 year = {2019}
}

@article{stoneConsistentNonparametricRegression1977,
  title = {Consistent Nonparametric Regression},
  author = {Stone, Charles J.},
  year = {1977},
  journal = {The Annals of Statistics},
  volume = {5},
  number = {4},
  pages = {595--620},
  publisher = {Institute of Mathematical Statistics},
  issn = {0090-5364, 2168-8966},
  doi = {10.1214/aos/1176343886},
  url = {https://projecteuclid.org/journals/annals-of-statistics/volume-5/issue-4/Consistent-Nonparametric-Regression/10.1214/aos/1176343886.full},
  urldate = {2024-10-08}
 }

@article{lianConvergenceFunctionalKnearest2011,
  title = {Convergence of Functional K-Nearest Neighbor Regression Estimate with Functional Responses},
  author = {Lian, Heng},
  year = {2011},
  journal = {Electronic Journal of Statistics},
  volume = {5},
  pages = {31--40},
  publisher = {Institute of Mathematical Statistics and Bernoulli Society},
  issn = {1935-7524, 1935-7524},
  doi = {10.1214/11-EJS595},
  url = {https://projecteuclid.org/journals/electronic-journal-of-statistics/volume-5/issue-none/Convergence-of-functional-k-nearest-neighbor-regression-estimate-with-functional/10.1214/11-EJS595.full},
  urldate = {2024-10-08},
  issue = {none},
  keywords = {62G08,62G20,Functional response models,Martingale difference sequence,nearest neighbor estimate,rates of convergence}
 }

@inproceedings{Zhang2019Prone,
  title     = {ProNE: Fast and Scalable Network Representation Learning},
  author    = {Zhang, Jie and Dong, Yuxiao and Wang, Yan and Tang, Jie and Ding, Ming},
  booktitle = {Proceedings of the Twenty-Eighth International Joint Conference on
               Artificial Intelligence, IJCAI-19},
  publisher = {International Joint Conferences on Artificial Intelligence Organization},
  pages     = {4278--4284},
  year      = {2019},
  month     = {7},
  doi       = {10.24963/ijcai.2019/594},
  url       = {https://doi.org/10.24963/ijcai.2019/594},
}

@article{qin2013regularized,
  title={Regularized spectral clustering under the degree-corrected stochastic blockmodel},
  author={Qin, Tai and Rohe, Karl},
  journal={Advances in neural information processing systems},
  volume={26},
  year={2013}
}

@techreport{networkx,
  title={Exploring network structure, dynamics, and function using NetworkX},
  author={Hagberg, Aric and Swart, Pieter J and Schult, Daniel A},
  year={2008},
  institution={Los Alamos National Laboratory (LANL), Los Alamos, NM (United States)}
}

@article{springLayout,
  title={Graph drawing by force-directed placement},
  author={Fruchterman, Thomas MJ and Reingold, Edward M},
  journal={Software: Practice and experience},
  volume={21},
  number={11},
  pages={1129--1164},
  year={1991},
  publisher={Wiley Online Library}
}

@article{von2007tutorial,
  title={A tutorial on spectral clustering},
  author={Von Luxburg, Ulrike},
  journal={Statistics and computing},
  volume={17},
  pages={395--416},
  year={2007},
  publisher={Springer}
}

@article{procrustes,
  title={A generalized solution of the orthogonal procrustes problem},
  author={Sch{\"o}nemann, Peter H},
  journal={Psychometrika},
  volume={31},
  number={1},
  pages={1--10},
  year={1966},
  publisher={Springer}
}

@article{singer2019node,
  title={Node embedding over temporal graphs},
  author={Singer, Uriel and Guy, Ido and Radinsky, Kira},
  journal={arXiv preprint arXiv:1903.08889},
  year={2019}
}

@inproceedings{zhou2019dynamic,
  title={Dynamic network embedding by semantic evolution},
  author={Zhou, Yujing and Liu, Weile and Pei, Yang and Wang, Lei and Zha, Daren and Fu, Tianshu},
  booktitle={2019 International Joint Conference on Neural Networks (IJCNN)},
  pages={1--8},
  year={2019},
  organization={IEEE}
}


@article{chen2021estimating,
  title={Estimating graph dimension with cross-validated eigenvalues},
  author={Chen, Fan and Roch, Sebastien and Rohe, Karl and Yu, Shuqi},
  journal={arXiv preprint arXiv:2108.03336},
  year={2021}
}

@article{whiteley2022statistical,
  title={Statistical exploration of the Manifold Hypothesis},
  author={Whiteley, Nick and Gray, Annie and Rubin-Delanchy, Patrick},
  year={2022}
}

@article{sen2008collective,
  title={Collective classification in network data},
  author={Sen, Prithviraj and Namata, Galileo and Bilgic, Mustafa and Getoor, Lise and Galligher, Brian and Eliassi-Rad, Tina},
  journal={AI magazine},
  volume={29},
  number={3},
  pages={93--93},
  year={2008}
}

@inproceedings{macqueen1967some,
  title={Some methods for classification and analysis of multivariate observations},
  author={MacQueen, J},
  booktitle={Proceedings of 5-th Berkeley Symposium on Mathematical Statistics and Probability/University of California Press},
  year={1967}
}

@article{shi2000normalized,
  title={Normalized cuts and image segmentation},
  author={Shi, Jianbo and Malik, Jitendra},
  journal={IEEE Transactions on pattern analysis and machine intelligence},
  volume={22},
  number={8},
  pages={888--905},
  year={2000},
  publisher={Ieee}
}


@article{donath1973lower,
  title={Lower bounds for the partitioning of graphs},
  author={Donath, William E and Hoffman, Alan J},
  journal={IBM Journal of Research and Development},
  volume={17},
  number={5},
  pages={420--425},
  year={1973},
  publisher={IBM}
}

@article{fiedler1973algebraic,
  title={Algebraic connectivity of graphs},
  author={Fiedler, Miroslav},
  journal={Czechoslovak mathematical journal},
  volume={23},
  number={2},
  pages={298--305},
  year={1973},
  publisher={Institute of Mathematics, Academy of Sciences of the Czech Republic}
}

@inproceedings{sansford2023implications,
  title={Implications of sparsity and high triangle density for graph representation learning},
  author={Sansford, Hannah and Modell, Alexander and Whiteley, Nick and Rubin-Delanchy, Patrick},
  booktitle={International Conference on Artificial Intelligence and Statistics},
  pages={5449--5473},
  year={2023},
  organization={PMLR}
}

@article{rubin2017consistency,
  title={Consistency of adjacency spectral embedding for the mixed membership stochastic blockmodel},
  author={Rubin-Delanchy, Patrick and Priebe, Carey E and Tang, Minh},
  journal={arXiv preprint arXiv:1705.04518},
  year={2017}
}

@article{rohe2011spectral,
  title={Spectral clustering and the high-dimensional stochastic blockmodel},
  author={Rohe, Karl and Chatterjee, Sourav and Yu, Bin},
  year={2011}
}

@article{lei2015consistency,
  title={Consistency of spectral clustering in stochastic block models},
  author={Lei, Jing and Rinaldo, Alessandro},
  journal={The Annals of Statistics},
  pages={215--237},
  year={2015},
  publisher={JSTOR}
}

@article{lyzinski2014perfect,
  title={Perfect clustering for stochastic blockmodel graphs via adjacency spectral embedding},
  author={Lyzinski, Vince and Sussman, Daniel L and Tang, Minh and Athreya, Avanti and Priebe, Carey E},
  year={2014}
}

@article{passino2022spectral,
  title={Spectral clustering on spherical coordinates under the degree-corrected stochastic blockmodel},
  author={Passino, Francesco Sanna and Heard, Nicholas A and Rubin-Delanchy, Patrick},
  journal={Technometrics},
  volume={64},
  number={3},
  pages={346--357},
  year={2022},
  publisher={Taylor \& Francis}
}

@article{karrer2011stochastic,
  title={Stochastic blockmodels and community structure in networks},
  author={Karrer, Brian and Newman, Mark EJ},
  journal={Physical Review E—Statistical, Nonlinear, and Soft Matter Physics},
  volume={83},
  number={1},
  pages={016107},
  year={2011},
  publisher={APS}
}


@article{athreya2021estimation,
  title={On estimation and inference in latent structure random graphs},
  author={Athreya, Avanti and Tang, Minh and Park, Youngser and Priebe, Carey E},
  year={2021}
}

@article{ng2001spectral,
  title={On spectral clustering: Analysis and an algorithm},
  author={Ng, Andrew and Jordan, Michael and Weiss, Yair},
  journal={Advances in neural information processing systems},
  volume={14},
  year={2001}
}


@article{mohar1991laplacian,
  title={The Laplacian spectrum of graphs},
  author={Mohar, Bojan and Alavi, Y and Chartrand, G and Oellermann, Ortrud},
  journal={Graph theory, combinatorics, and applications},
  volume={2},
  number={871-898},
  pages={12},
  year={1991},
  publisher={Wiley}
}

@incollection{mohar1997some,
  title={Some applications of Laplace eigenvalues of graphs},
  author={Mohar, Bojan},
  booktitle={Graph symmetry: Algebraic methods and applications},
  pages={225--275},
  year={1997},
  publisher={Springer}
}


@book{chung1997spectral,
  title={Spectral graph theory},
  author={Chung, Fan RK},
  volume={92},
  year={1997},
  publisher={American Mathematical Soc.}
}


@article{modell2021spectral,
  title={Spectral clustering under degree heterogeneity: a case for the random walk Laplacian},
  author={Modell, Alexander and Rubin-Delanchy, Patrick},
  journal={arXiv preprint arXiv:2105.00987},
  year={2021}
}


@inproceedings{chaudhuri2012spectral,
  title={Spectral clustering of graphs with general degrees in the extended planted partition model},
  author={Chaudhuri, Kamalika and Chung, Fan and Tsiatas, Alexander},
  booktitle={Conference on Learning Theory},
  pages={35--1},
  year={2012},
  organization={JMLR Workshop and Conference Proceedings}
}


@inproceedings{qiu2018network,
  title={Network embedding as matrix factorization: Unifying deepwalk, line, pte, and node2vec},
  author={Qiu, Jiezhong and Dong, Yuxiao and Ma, Hao and Li, Jian and Wang, Kuansan and Tang, Jie},
  booktitle={Proceedings of the eleventh ACM international conference on web search and data mining},
  pages={459--467},
  year={2018}
}

@article{zhang2021exact,
  title={Exact Recovery of Community Structures Using DeepWalk and Node2vec},
  author={Zhang, Yichi and Tang, Minh},
  journal={arXiv preprint arXiv:2101.07354},
  year={2021}
}


@article{wang2018brief,
  title={A brief review of network embedding},
  author={Wang, Yaojing and Yao, Yuan and Tong, Hanghang and Xu, Feng and Lu, Jian},
  journal={Big Data Mining and Analytics},
  volume={2},
  number={1},
  pages={35--47},
  year={2018},
  publisher={TUP}
}

@article{arsov2019network,
  title={Network embedding: An overview},
  author={Arsov, Nino and Mirceva, Georgina},
  journal={arXiv preprint arXiv:1911.11726},
  year={2019}
}

@article{su2020network,
  title={Network embedding in biomedical data science},
  author={Su, Chang and Tong, Jie and Zhu, Yongjun and Cui, Peng and Wang, Fei},
  journal={Briefings in bioinformatics},
  volume={21},
  number={1},
  pages={182--197},
  year={2020},
  publisher={Oxford University Press}
}

@article{zhang2023theoretical,
  title={A Theoretical Analysis of DeepWalk and Node2vec for Exact Recovery of Community Structures in Stochastic Blockmodels},
  author={Zhang, Yichi and Tang, Minh},
  journal={IEEE Transactions on Pattern Analysis and Machine Intelligence},
  year={2023},
  publisher={IEEE}
}


@article{dwivedi2023benchmarking,
  title={Benchmarking graph neural networks},
  author={Dwivedi, Vijay Prakash and Joshi, Chaitanya K and Luu, Anh Tuan and Laurent, Thomas and Bengio, Yoshua and Bresson, Xavier},
  journal={Journal of Machine Learning Research},
  volume={24},
  number={43},
  pages={1--48},
  year={2023}
}


@article{lecun1995convolutional,
  title={Convolutional networks for images, speech, and time series},
  author={LeCun, Yann and Bengio, Yoshua and others},
  journal={The handbook of brain theory and neural networks},
  volume={3361},
  number={10},
  pages={1995},
  year={1995},
  publisher={Citeseer}
}

@article{lu2021learning,
  title={Learning nonlinear operators via DeepONet based on the universal approximation theorem of operators},
  author={Lu, Lu and Jin, Pengzhan and Pang, Guofei and Zhang, Zhongqiang and Karniadakis, George Em},
  journal={Nature machine intelligence},
  volume={3},
  number={3},
  pages={218--229},
  year={2021},
  publisher={Nature Publishing Group UK London}
}

@article{vaswani2017attention,
  title={Attention is all you need},
  author={Vaswani, A},
  journal={Advances in Neural Information Processing Systems},
  year={2017}
}


@article{kingma2014adam,
  title={Adam: A method for stochastic optimization},
  author={Kingma, Diederik P},
  journal={arXiv preprint arXiv:1412.6980},
  year={2014}
}

@article{achiam2023gpt,
  title={Gpt-4 technical report},
  author={Achiam, Josh and Adler, Steven and Agarwal, Sandhini and Ahmad, Lama and Akkaya, Ilge and Aleman, Florencia Leoni and Almeida, Diogo and Altenschmidt, Janko and Altman, Sam and Anadkat, Shyamal and others},
  journal={arXiv preprint arXiv:2303.08774},
  year={2023}
}

@article{touvron2023llama,
  title={Llama: Open and efficient foundation language models},
  author={Touvron, Hugo and Lavril, Thibaut and Izacard, Gautier and Martinet, Xavier and Lachaux, Marie-Anne and Lacroix, Timoth{\'e}e and Rozi{\`e}re, Baptiste and Goyal, Naman and Hambro, Eric and Azhar, Faisal and others},
  journal={arXiv preprint arXiv:2302.13971},
  year={2023}
}


@article{team2023gemini,
  title={Gemini: a family of highly capable multimodal models},
  author={Team, Gemini and Anil, Rohan and Borgeaud, Sebastian and Alayrac, Jean-Baptiste and Yu, Jiahui and Soricut, Radu and Schalkwyk, Johan and Dai, Andrew M and Hauth, Anja and Millican, Katie and others},
  journal={arXiv preprint arXiv:2312.11805},
  year={2023}
}


@article{bahdanau2014neural,
  title={Neural machine translation by jointly learning to align and translate},
  author={Bahdanau, Dzmitry},
  journal={arXiv preprint arXiv:1409.0473},
  year={2014}
}

@article{luong2015effective,
  title={Effective approaches to attention-based neural machine translation},
  author={Luong, Minh-Thang},
  journal={arXiv preprint arXiv:1508.04025},
  year={2015}
}

@article{tenenbaum2000global,
  title={A global geometric framework for nonlinear dimensionality reduction},
  author={Tenenbaum, Joshua B and Silva, Vin de and Langford, John C},
  journal={science},
  volume={290},
  number={5500},
  pages={2319--2323},
  year={2000},
  publisher={American Association for the Advancement of Science}
}

@article{xue2022dynamic,
  title={Dynamic network embedding survey},
  author={Xue, Guotong and Zhong, Ming and Li, Jianxin and Chen, Jia and Zhai, Chengshuai and Kong, Ruochen},
  journal={Neurocomputing},
  volume={472},
  pages={212--223},
  year={2022},
  publisher={Elsevier}
}

@article{barros2021survey,
  title={A survey on embedding dynamic graphs},
  author={Barros, Claudio DT and Mendon{\c{c}}a, Matheus RF and Vieira, Alex B and Ziviani, Artur},
  journal={ACM Computing Surveys (CSUR)},
  volume={55},
  number={1},
  pages={1--37},
  year={2021},
  publisher={ACM New York, NY}
}

@inproceedings{sankar2020dysat,
  title={Dysat: Deep neural representation learning on dynamic graphs via self-attention networks},
  author={Sankar, Aravind and Wu, Yanhong and Gou, Liang and Zhang, Wei and Yang, Hao},
  booktitle={Proceedings of the 13th international conference on web search and data mining},
  pages={519--527},
  year={2020}
}


@article{zhu2016scalable,
  title={Scalable temporal latent space inference for link prediction in dynamic social networks},
  author={Zhu, Linhong and Guo, Dong and Yin, Junming and Ver Steeg, Greg and Galstyan, Aram},
  journal={IEEE Transactions on Knowledge and Data Engineering},
  volume={28},
  number={10},
  pages={2765--2777},
  year={2016},
  publisher={IEEE}
}


@article{mikolov2013distributed,
  title={Distributed representations of words and phrases and their compositionality},
  author={Mikolov, Tomas and Sutskever, Ilya and Chen, Kai and Corrado, Greg S and Dean, Jeff},
  journal={Advances in neural information processing systems},
  volume={26},
  year={2013}
}

@article{dilworth2024valid,
  title={Valid Bootstraps for Networks with Applications to Network Visualisation},
  author={Dilworth, Emerald and Davis, Ed and Lawson, Daniel J},
  journal={arXiv preprint arXiv:2410.20895},
  year={2024}
}


@article{kullback1951information,
  title={On information and sufficiency},
  author={Kullback, Solomon and Leibler, Richard A},
  journal={The annals of mathematical statistics},
  volume={22},
  number={1},
  pages={79--86},
  year={1951},
  publisher={JSTOR}
}

@article{bhattacharyya2015subsampling,
author = {Sharmodeep Bhattacharyya and Peter J. Bickel},
title = {{Subsampling bootstrap of count features of networks}},
volume = {43},
journal = {The Annals of Statistics},
number = {6},
publisher = {Institute of Mathematical Statistics},
pages = {2384 -- 2411},
keywords = {bootstrap, count features, model-based sampling, networks, subsampling},
year = {2015},
doi = {10.1214/15-AOS1338},
URL = {https://doi.org/10.1214/15-AOS1338}
}

@article{epskamp2018estimating,
  title={Estimating psychological networks and their accuracy: A tutorial paper},
  author={Epskamp, Sacha and Borsboom, Denny and Fried, Eiko I},
  journal={Behavior research methods},
  volume={50},
  pages={195--212},
  year={2018},
  publisher={Springer}
}


@article{shao2024parametric,
  title={Parametric Bootstrap on Networks with Non-Exchangeable Nodes},
  author={Shao, Zhixuan and Le, Can M},
  journal={arXiv preprint arXiv:2402.01866},
  year={2024}
}

@inproceedings{xu2018representation,
  title={Representation learning on graphs with jumping knowledge networks},
  author={Xu, Keyulu and Li, Chengtao and Tian, Yonglong and Sonobe, Tomohiro and Kawarabayashi, Ken-ichi and Jegelka, Stefanie},
  booktitle={International conference on machine learning},
  pages={5453--5462},
  year={2018},
  organization={PMLR}
}


@article{robins2007recent,
  title={Recent developments in exponential random graph (p*) models for social networks},
  author={Robins, Garry and Snijders, Tom and Wang, Peng and Handcock, Mark and Pattison, Philippa},
  journal={Social networks},
  volume={29},
  number={2},
  pages={192--215},
  year={2007},
  publisher={Elsevier}
}

@article{hornik1989multilayer,
  title={Multilayer feedforward networks are universal approximators},
  author={Hornik, Kurt and Stinchcombe, Maxwell and White, Halbert},
  journal={Neural networks},
  volume={2},
  number={5},
  pages={359--366},
  year={1989},
  publisher={Elsevier}
}