@article{gallagher2021spectral,
  title={Spectral embedding for dynamic networks with stability guarantees},
  author={Gallagher, Ian and Jones, Andrew and Rubin-Delanchy, Patrick},
  journal={Advances in Neural Information Processing Systems},
  volume={34},
  pages={10158--10170},
  year={2021}
}